@book{rudin1976principles,
  title={{Principles of Mathematical Analysis}},
  author={Rudin, Walter},
  volume={3},
  number={4.2},
  year={1976},
  publisher={McGraw-Hill New York}
}

@article{roos2018,
  title={{Analysis Lecture Notes}},
  author={Joris Roos},
  year={2018},
}

@book{humpherys2017foundations,
  title={{Foundations of Applied Mathematics, Volume 1: Mathematical Analysis}},
  author={Humpherys, Jeffrey and Jarvis, Tyler J and Evans, Emily J},
  year={2017},
  publisher={SIAM}
}